<record><leader>00000cas a22000007a 4500</leader><controlfield tag="001">10206143</controlfield><controlfield tag="008">831209d1869187unjuwr ne      0    0eng d</controlfield><datafield ind1=" " ind2=" " tag="010"><subfield code="a">sn 83032196 </subfield></datafield><datafield ind1=" " ind2=" " tag="040"><subfield code="a">NPU</subfield><subfield code="b">eng</subfield><subfield code="c">NPU</subfield><subfield code="d">NPA</subfield><subfield code="d">NJW</subfield><subfield code="d">OCLCQ</subfield></datafield><datafield ind1=" " ind2=" " tag="042"><subfield code="a">msc</subfield></datafield><datafield ind1="0" ind2="4" tag="245"><subfield code="a">The New Jersey good Templar.</subfield></datafield><datafield ind1=" " ind2=" " tag="260"><subfield code="a">Cassville, N.J. :</subfield><subfield code="b">Grand Lodge of New Jersey, I.O.G.T.</subfield></datafield><datafield ind1=" " ind2=" " tag="300"><subfield code="a">v. ;</subfield><subfield code="c">53 cm.</subfield></datafield><datafield ind1=" " ind2=" " tag="310"><subfield code="a">Weekly</subfield></datafield><datafield ind1=" " ind2=" " tag="321"><subfield code="a">Monthly</subfield></datafield><datafield ind1="1" ind2=" " tag="362"><subfield code="a">Began in 1869.</subfield></datafield><datafield ind1=" " ind2=" " tag="500"><subfield code="a">Published in Cassville, N.J. and South Vineland, N.J.; publication office located in South Vineland, N.J.</subfield></datafield><datafield ind1=" " ind2=" " tag="580"><subfield code="a">Continued by: New Jersey good Templar and temperance gazette (non-extant).</subfield></datafield><datafield ind1=" " ind2=" " tag="588"><subfield code="a">Description based on: Vol. 2, no. 1 (May 1870).</subfield></datafield><datafield ind1=" " ind2=" " tag="752"><subfield code="a">United States</subfield><subfield code="b">New Jersey</subfield><subfield code="c">Ocean</subfield><subfield code="d">Cassville.</subfield></datafield><datafield ind1=" " ind2=" " tag="752"><subfield code="a">United States</subfield><subfield code="b">New Jersey</subfield><subfield code="c">Cumberland</subfield><subfield code="d">Vineland.</subfield></datafield><datafield ind1="1" ind2="0" tag="785"><subfield code="t">New Jersey good Templar and temperance gazette</subfield></datafield></record>